@article{tang2019osf,
 title={Data assimilation in Agent-based models using creation and annihilation operators},
 URL={osf.io/wu9q4},
 doi={10.31219/osf.io/wu9q4},
 journal={OSF Preprints},
 author={Tang, Daniel},
 year={2019},
 month={Oct}
}

@article{reibman1988numerical,
  title={Numerical transient analysis of Markov models},
  author={Reibman, Andrew and Trivedi, Kishor},
  journal={Computers \& Operations Research},
  volume={15},
  number={1},
  pages={19--36},
  year={1988},
  publisher={Elsevier}
}

@article{tang2019data,
  title={Data assimilation in Agent-based models using creation and annihilation operators},
  author={Tang, Daniel},
  journal={arXiv preprint arXiv:1910.09442},
  URL={https://arxiv.org/abs/1910.09442},
  year={2019}
}

@article{blizard1988multiset,
  title={Multiset theory.},
  author={Blizard, Wayne D and others},
  journal={Notre Dame Journal of formal logic},
  volume={30},
  number={1},
  pages={36--66},
  year={1988},
  publisher={University of Notre Dame}
}

@incollection{saltzman2002coin,
  title={COIN-OR: an open-source library for optimization},
  author={Saltzman, Matthew J},
  booktitle={Programming languages and systems in computational economics and finance},
  pages={3--32},
  year={2002},
  publisher={Springer}
}

@misc{googleortools,
    author = {Google},
    title = {OR-Tools},
    year = {2020},
    url = {https://developers.google.com/optimization},
    note = {[Online; accessed 18-February-2020]}
}

@inproceedings{staton2016semantics,
  title={Semantics for probabilistic programming: higher-order functions, continuous distributions, and soft constraints},
  author={Staton, Sam and Wood, Frank and Yang, Hongseok and Heunen, Chris and Kammar, Ohad},
  booktitle={2016 31st Annual ACM/IEEE Symposium on Logic in Computer Science (LICS)},
  pages={1--10},
  year={2016},
  organization={IEEE}
}

@article{dantzig1955generalized,
  title={The generalized simplex method for minimizing a linear form under linear inequality restraints},
  author={Dantzig, George B and Orden, Alex and Wolfe, Philip and others},
  journal={Pacific Journal of Mathematics},
  volume={5},
  number={2},
  pages={183--195},
  year={1955}
}

@book{thie2011introduction,
  title={An introduction to linear programming and game theory},
  author={Thie, Paul R and Keough, Gerard E},
  year={2011},
  publisher={John Wiley \& Sons}
}

@article{zornig93degeneracy,
  author={Zörnig, P},
  title={A theory of degeneracy graphs},
  journal={Ann Oper Res},
  volume={46},
  pages={541–556},
  year={1993},
  doi={10.1007/BF02023113}
}

@inproceedings{cousot1977abstract,
  title={Abstract interpretation: a unified lattice model for static analysis of programs by construction or approximation of fixpoints},
  author={Cousot, Patrick and Cousot, Radhia},
  booktitle={Proceedings of the 4th ACM SIGACT-SIGPLAN symposium on Principles of programming languages},
  pages={238--252},
  year={1977}
}

@article{henry2012pagai,
  title={Pagai: A path sensitive static analyser},
  author={Henry, Julien and Monniaux, David and Moy, Matthieu},
  journal={Electronic Notes in Theoretical Computer Science},
  volume={289},
  pages={15--25},
  year={2012},
  publisher={Elsevier}
}

@inproceedings{blanchet2003static,
  title={A static analyzer for large safety-critical software},
  author={Blanchet, Bruno and Cousot, Patrick and Cousot, Radhia and Feret, J{\'e}rome and Mauborgne, Laurent and Min{\'e}, Antoine and Monniaux, David and Rival, Xavier},
  booktitle={Proceedings of the ACM SIGPLAN 2003 conference on Programming language design and implementation},
  pages={196--207},
  year={2003}
}

@inproceedings{becchi2018efficient,
  title={An efficient abstract domain for not necessarily closed polyhedra},
  author={Becchi, Anna and Zaffanella, Enea},
  booktitle={International Static Analysis Symposium},
  pages={146--165},
  year={2018},
  organization={Springer}
}

@inproceedings{cousot1978automatic,
  title={Automatic discovery of linear restraints among variables of a program},
  author={Cousot, Patrick and Halbwachs, Nicolas},
  booktitle={Proceedings of the 5th ACM SIGACT-SIGPLAN symposium on Principles of programming languages},
  pages={84--96},
  year={1978}
}

@article{yamada1994enumerating,
  title={Enumerating extreme points of a highly degenerate polytope},
  author={Yamada, Takeo and Yoruzuya, J and Kataoka, Seiji},
  journal={Computers \& operations research},
  volume={21},
  number={4},
  pages={397--410},
  year={1994},
  publisher={Elsevier}
}

@article{gal1992new,
  title={A new pivoting rule for solving various degeneracy problems},
  author={Gal, Tomas and Geue, Ferdinand},
  journal={Operations Research Letters},
  volume={11},
  number={1},
  pages={23--32},
  year={1992},
  publisher={Elsevier}
}

@inproceedings{cook1971complexity,
  title={The complexity of theorem-proving procedures},
  author={Cook, Stephen A},
  booktitle={Proceedings of the third annual ACM symposium on Theory of computing},
  pages={151--158},
  year={1971}
}

@book{vanderbei2015linear,
  title={Linear programming},
  author={Vanderbei, Robert J},
  volume={5},
  year={2020},
  publisher={Springer}
}

@article{motzkin1953double,
  title={The double description method},
  author={Motzkin, Theodore S and Raiffa, Howard and Thompson, Gerald L and Thrall, Robert M},
  journal={Contributions to the Theory of Games},
  volume={2},
  number={28},
  pages={51--73},
  year={1953}
}


@article{epstein_agentbased_1999,
  title = {Agent-Based {{Computational Models}} and {{Generative Social Science}}},
  author = {Epstein, Joshua M.},
  year = {1999},
  volume = {4},
  pages = {41--60},
  issn = {1076-2787},
  journal = {Complexity},
  keywords = {ABM},
  number = {5}
}




@article{kennedy_bayesian_2001,
  title = {Bayesian Calibration of Computer Models},
  author = {Kennedy, Marc C. and O'Hagan, Anthony},
  year = {2001},
  volume = {63},
  pages = {425--464},
  issn = {13697412},
  doi = {10.1111/1467-9868.00294},
  file = {/Users/nick/Zotero/storage/QYVP68KK/Kennedy and O'Hagan - 2001 - Bayesian calibration of computer models.pdf},
  journal = {Journal of the Royal Statistical Society: Series B (Statistical Methodology)},
  keywords = {Bayesian,calibration,uncertainty},
  language = {en},
  number = {3}
}




@article{thiele_facilitating_2014,
  title = {Facilitating {{Parameter Estimation}} and {{Sensitivity Analysis}} of {{Agent}}-{{Based Models}}: {{A Cookbook Using NetLogo}} and '{{R}}'},
  shorttitle = {Facilitating {{Parameter Estimation}} and {{Sensitivity Analysis}} of {{Agent}}-{{Based Models}}},
  author = {Thiele, Jan C. and Kurth, Winfried and Grimm, Volker},
  year = {2014},
  volume = {17},
  issn = {1460-7425},
  doi = {10.18564/jasss.2503},
  file = {/Users/nick/Zotero/storage/BNLUP8YH/Thiele et al. - 2014 - Facilitating Parameter Estimation and Sensitivity .pdf},
  journal = {Journal of Artificial Societies and Social Simulation},
  keywords = {ABM,calibration,Identifiability,Validation},
  language = {en},
  number = {3}
}



